<collection xmlns="http://www.loc.gov/MARC21/slim">
<record>
  <leader>00982nam0a2200229 i 450 </leader>
  <controlfield tag="001">IT\ICCU\CNCE\011788</controlfield>
  <controlfield tag="005">20071004000000.0</controlfield>
  <datafield tag="012" ind1=" " ind2=" ">
    <subfield code="a">48io s.n. o.ti deAq (3) 1561 (A)</subfield>
    <subfield code="2">fei</subfield>
  </datafield>
  <datafield tag="100" ind1=" " ind2=" ">
    <subfield code="a">19970101d1561        0itac0103    ba</subfield>
  </datafield>
  <datafield tag="101" ind1=" " ind2=" ">
    <subfield code="a">LAT</subfield>
  </datafield>
  <datafield tag="102" ind1=" " ind2=" ">
    <subfield code="a">IT</subfield>
  </datafield>
  <datafield tag="200" ind1="1" ind2=" ">
    <subfield code="a">Officium gloriosae Virginis Mariae, secundum consuetudinem Sancte Romane Ecclesie tribus anni temporibus accommodatum</subfield>
  </datafield>
  <datafield tag="210" ind1=" " ind2=" ">
    <subfield code="a">Venetiis</subfield>
    <subfield code="d">1561(Venetiis</subfield>
    <subfield code="c">in officina haeredum Luceantonij Junte</subfield>
    <subfield code="d">1561. Mense Maio)</subfield>
  </datafield>
  <datafield tag="215" ind1=" " ind2=" ">
    <subfield code="a">247 c.</subfield>
    <subfield code="d">12ʻ</subfield>
  </datafield>
  <datafield tag="500" ind1="1" ind2="0">
    <subfield code="3">IT\ICCU\CNCE\037218</subfield>
    <subfield code="a">Officium parvum beatae Mariae Virginis</subfield>
  </datafield>
  <datafield tag="620" ind1=" " ind2=" ">
    <subfield code="a">IT</subfield>
    <subfield code="d">Venezia</subfield>
  </datafield>
  <datafield tag="710" ind1="0" ind2="2">
    <subfield code="a">Chiesa cattolica</subfield>
    <subfield code="3">6731</subfield>
  </datafield>
  <datafield tag="712" ind1="0" ind2="0">
    <subfield code="a">Giunta, Lucantonio</subfield>
    <subfield code="c"> &lt;1.&gt; - eredi</subfield>
    <subfield code="3">IT\ICCU\CNCT\000312</subfield>
    <subfield code="4">650</subfield>
  </datafield>
  <datafield tag="801" ind1=" " ind2="3">
    <subfield code="a">IT</subfield>
    <subfield code="b">ICCU</subfield>
    <subfield code="c">20201113</subfield>
  </datafield>
  <datafield tag="899" ind1=" " ind2=" ">
    <subfield code="a">Biblioteca del Teresianum. Roma</subfield>
    <subfield code="1">RM0716</subfield>
    <subfield code="2">ZRM 46</subfield>
  </datafield>
  <datafield tag="911" ind1=" " ind2=" ">
    <subfield code="a">nel coloph.</subfield>
    <subfield code="9">IT\ICCU\CNCM\001195</subfield>
  </datafield>
  <datafield tag="921" ind1=" " ind2=" ">
    <subfield code="a">IT\ICCU\CNCM\001195</subfield>
    <subfield code="b">Giglio fiorentino e iniziali L.A.</subfield>
    <subfield code="c">U206</subfield>
    <subfield code="d">Dimensione: 2 x 2,6</subfield>
    <subfield code="f">GIGLIO</subfield>
    <subfield code="f">LA</subfield>
    <subfield code="g">1558-1567</subfield>
  </datafield>
</record>
</collection>
